@article{Chamberlin:2011:MMO:2016016.2016017,
 author = {Chamberlin, Lisa and Parish, Tracy},
 title = {{MOOCs}: Massive Open Online Courses or Massive and Often Obtuse Courses?},
 journal = {eLearn},
 issue_date = {August 2011},
 volume = {2011},
 number = {8},
 month = aug,
 year = {2011},
 issn = {1535-394X},
 articleno = {1},
 url = {http://doi.acm.org/10.1145/2016016.2016017},
 doi = {10.1145/2016016.2016017},
 acmid = {2016017},
 publisher = {ACM},
 address = {New York, NY, USA},
}

@book{tinto1993leaving,
  title={Leaving College: Rethinking the Causes and Cures of Student Attrition},
  author={Tinto, V.},
  isbn={9780226804491},
  lccn={93028582},
  url={http://books.google.com/books?id=AB-ERLYDMg8C},
  year={1993},
  publisher={University of Chicago Press}
}

@inproceedings{oro36657,
       booktitle = {LAK '13: 3rd International Conference on Learning Analytics \& Knowledge},
           title = {{MOOCs} and the funnel of participation},
          author = {Doug Clow},
            year = {2013},
            note = {ISBN: 978-1-4503-1785-6},
        keywords = {learning analytics; participation, MOOCs.},
        url = {http://oro.open.ac.uk/36657/}
}

@article{quteprints12341,
          volume = {22},
          number = {4},
          author = {Shane P. Dawson},
            note = {The contents of this journal can be freely accessed online via the journal{'}s web page (see hypertext link).},
           title = {Online forum discussion interactions as an indicator of student community},
       publisher = {Australasian Society for Computers in Learning in Tertiary Education  (ascilite)},
            year = {2006},
         journal = {Australasian Journal of Educational Technology},
           pages = {495--510},
             url = {http://eprints.qut.edu.au/12341/}
}

@book{thomas2011new,
  title={A New Culture of Learning: Cultivating the Imagination for a World of Constant Change},
  author={Thomas, D. and Brown, J.S.},
  isbn={9781456458881},
  url={http://books.google.com/books?id=p1tBYgEACAAJ},
  year={2011},
  publisher={CreateSpace}
}
